@misc{fontawesome,
  author = {{Fonticons, Inc.}},
  title  = {\emph{Font Awesome Free License, CC BY 4.0}},
  note   = {\url{https://fontawesome.com/license/free}
           [Last Accessed: 2019-01-21]},
  year = 2018,
}


@misc{air-respeckapp,
    author  = {{Center of Speckled Computing, University of Edinburgh}},
    title   = {{Air-Respeck: Combined Air quality and RESpeck app}},
    version = {2.5.2},
    note    = {\url{https://github.com/specknet/air-respeck}
              [Last Accessed: 2019-01-21]},
}

@article{matplotlib,
  Author    = {Hunter, J. D.},
  Title     = {Matplotlib: A 2D graphics environment},
  Journal   = {Computing In Science \& Engineering},
  Volume    = {9},
  Number    = {3},
  Pages     = {90--95},
  abstract  = {Matplotlib is a 2D graphics package used for Python
  for application development, interactive scripting, and
  publication-quality image generation across user
  interfaces and operating systems.},
  publisher = {IEEE COMPUTER SOC},
  doi       = {10.1109/MCSE.2007.55},
  year      = 2007
}

@InProceedings{ pandas,
  author    = { Wes McKinney },
  title     = { Data Structures for Statistical Computing in Python },
  booktitle = { Proceedings of the 9th Python in Science Conference },
  pages     = { 51 - 56 },
  year      = { 2010 },
  editor    = { St\'efan van der Walt and Jarrod Millman }
}

@misc{numpy,
  author =    {Travis Oliphant},
  title =     {{NumPy}: A guide to {NumPy}},
  year =      {2006},
  howpublished = {USA: Trelgol Publishing},
  note = {\url{http://www.numpy.org/},
         [Last Accessed: 2019-01-21]},
 }
 
@misc{gmplot,
    author  = {Michael Woods},
    title   = {gmplot library},
    version = {1.2.0},
    note    = {\url{https://github.com/vgm64/gmplot}
              [Last Accessed: 2019-01-21]},
}

@misc{googlemapsapi,
    author  = {Google},
    title   = {Google Maps Platform},
    note    = {\url{https://developers.google.com/maps/documentation/}
              [Last Accessed: 2019-01-21]},
}

@misc{whofactsheet,
    author  = {{World Health Organization}},
    title   = {Ambient (outdoor) air quality and health fact sheet},
    note    = {\url{https://www.who.int/news-room/fact-sheets/detail/ambient-(outdoor)-air-quality-and-health}
              [Last Accessed: 2019-02-03]},
}

@mastersthesis{zoe,
    author = {Zoe Petard},
    title  = {High Resolution Spatial Predictions of Air Pollution Levels in Edinburgh},
    school = {School of Informatics, The University of Edinburgh},
    year   = {2018}
}

@article{scikit-learn,
    title={Scikit-learn: Machine Learning in {P}ython},
    author={Pedregosa, F. and Varoquaux, G. and Gramfort, A. and Michel, V.
         and Thirion, B. and Grisel, O. and Blondel, M. and Prettenhofer, P.
         and Weiss, R. and Dubourg, V. and Vanderplas, J. and Passos, A. and
         Cournapeau, D. and Brucher, M. and Perrot, M. and Duchesnay, E.},
    journal={Journal of Machine Learning Research},
    volume={12},
    pages={2825--2830},
    year={2011}
}

@misc{ivan,
    author = {Ivan Angelinin},
    title = {Sensing Spaces: Improving Spatial and Temporal Prediction of Air Pollution Using Online Learning Algorithms},
    year = {2018},
    type = {4th Year Project Report},
    note = {School of Informatics, The University of Edinburgh},
}

@misc{mantas,
    author = {Mantas Miksys},
    title = {Predictions of PM2.5 and PM10 Concentrations Using Static and Mobile Sensors},
    year = {2016},
    type = {4th Year Project Report},
    note = {School of Informatics, The University of Edinburgh},
}

@article{crammer,
 author = {Crammer, Koby and Dekel, Ofer and Keshet, Joseph and Shalev-Shwartz, Shai and Singer, Yoram},
 title = {Online Passive-Aggressive Algorithms},
 journal = {J. Mach. Learn. Res.},
 issue_date = {12/1/2006},
 volume = {7},
 month = dec,
 year = {2006},
 issn = {1532-4435},
 pages = {551--585},
 numpages = {35},
 url = {http://dl.acm.org/citation.cfm?id=1248547.1248566},
 acmid = {1248566},
 publisher = {JMLR.org},
} 

@inproceedings{envscience,
  title={Applying Kriging Approach on Pollution Data Using GIS Software},
  author={Aman Tyagi and Preetvanti Singh},
  year={2013}
}

@article{hydrology,
author = {Zimmerman, D. A. and de Marsily, G. and Gotway, C. A. and Marietta, M. G. and Axness, C. L. and Beauheim, R. L. and Bras, R. L. and Carrera, J. and Dagan, G. and Davies, P. B. and Gallegos, D. P. and Galli, A. and G\'{o}mez-Hern\'{a}ndez, J. and Grindrod, P. and Gutjahr, A. L. and Kitanidis, P. K. and Lavenue, A. M. and McLaughlin, D. and Neuman, S. P. and RamaRao, B. S. and Ravenne, C. and Rubin, Y.},
title = {A comparison of seven geostatistically based inverse approaches to estimate transmissivities for modeling advective transport by groundwater flow},
journal = {Water Resources Research},
volume = {34},
number = {6},
pages = {1373-1413},
doi = {10.1029/98WR00003},
url = {https://agupubs.onlinelibrary.wiley.com/doi/abs/10.1029/98WR00003},
year = {1998}
}

@article{mining,
author="Richmond, Andrew",
title="Financially Efficient Ore Selections Incorporating Grade Uncertainty",
journal="Mathematical Geology",
year="2003",
month="Feb",
day="01",
volume="35",
number="2",
pages="195--215",
issn="1573-8868",
doi="10.1023/A:1023239606028",
url="https://doi.org/10.1023/A:1023239606028"
}

@misc{pykrige,
    author       = {Benjamin Murphy},
    title        = {{PyKrige: Kriging Toolkit for Python}},
    note    = {\url{https://www.who.int/news-room/fact-sheets/detail/ambient-(outdoor)-air-quality-and-health}
              [Last Accessed: 2019-03-22]},
}

@article{ordkriging,
author = {Mesic Kis, Ivana},
year = {2016},
month = {04},
pages = {41-58},
title = {Comparison of Ordinary and Universal Kriging interpolation techniques on a depth variable (a case of linear spatial trend), case study of the Å androvac Field},
volume = {31},
journal = {Rudarsko Geolosko Naftni Zbornik},
doi = {10.17794/rgn.2016.2.4}
}

@Article{efficientkriging,
author="Tong, Weitian
and Li, Lixin
and Zhou, Xiaolu
and Franklin, Jason",
title="Efficient spatiotemporal interpolation with spark machine learning",
journal="Earth Science Informatics",
year="2019",
month="Mar",
day="01",
volume="12",
number="1",
pages="87--96",
issn="1865-0481",
doi="10.1007/s12145-018-0364-4",
url="https://doi.org/10.1007/s12145-018-0364-4"
}

@article{ui_design,
author = {U Bhaskar, N and Chandra Babu, Ravi and R Govindarajulu, S and Bhaskar, Uday and Prathap Naidu, P and R Ravi, S and Babu, Chandra and Govindarajulu, P},
year = {2019},
month = {03},
pages = {},
title = {General Principles of User Interface Design and Websites}
}


@misc{stefan,
    author = {Stefan Ivanov},
    title = {Sensing Spaces: Planning journeys with least polluted, shortest routes in urban environments},
    year = {2018},
    type = {4th Year Project Report},
    note = {School of Informatics, The University of Edinburgh},
}

@misc{mihai,
    author = {Mihai Visuian},
    title = {Personal Exposure to Air Pollution with Different Modes of Transport and Urban Environments Using Wearable Sensors},
    year = {2018},
    type = {4th Year Project Report},
    note = {School of Informatics, The University of Edinburgh},
}

@article{epidemic,
  title={An online spatiotemporal prediction model for dengue fever epidemic in Kaohsiung (Taiwan).},
  author={Hwa-Lung Yu and Jos{\'e} Miguel Angulo and Ming-Hung Cheng and Jiaping Wu and George Christakos},
  journal={Biometrical journal. Biometrische Zeitschrift},
  year={2014},
  volume={56 3},
  pages={428-40}
}

@article{frame_pred,
   title={Online Real-Time Multiple Spatiotemporal Action Localisation and Prediction},
   ISBN={9781538610329},
   url={http://dx.doi.org/10.1109/ICCV.2017.393},
   DOI={10.1109/iccv.2017.393},
   journal={2017 IEEE International Conference on Computer Vision (ICCV)},
   publisher={IEEE},
   author={Singh, Gurkirt and Saha, Suman and Sapienza, Michael and Torr, Philip and Cuzzolin, Fabio},
   year={2017},
   month={Oct}
}

@article{robotics,
  title={Online spatio-temporal Gaussian process experts with application to tactile classification},
  author={Harold Soh and Yanyu Su and Yiannis Demiris},
  journal={2012 IEEE/RSJ International Conference on Intelligent Robots and Systems},
  year={2012},
  pages={4489-4496}
}

@book{env_book,
author = {Li, Jin},
year = {2008},
month = {01},
pages = {},
title = {A Review of Spatial Interpolation Methods for Environmental Scientists}
}

@article{st_state,
author = {Eldrandaly, Khalid and M Abdelmouty, Ahmed},
year = {2017},
month = {06},
pages = {},
title = {Spatio-temporal interpolation: Current Practices and Future Prospects},
volume = {11},
journal = {International Journal of Digital Content Technology and its Applications}
}

@article{qi,
   title={Deep Air Learning: Interpolation, Prediction, and Feature Analysis of Fine-Grained Air Quality},
   volume={30},
   ISSN={2326-3865},
   url={http://dx.doi.org/10.1109/TKDE.2018.2823740},
   DOI={10.1109/tkde.2018.2823740},
   number={12},
   journal={IEEE Transactions on Knowledge and Data Engineering},
   publisher={Institute of Electrical and Electronics Engineers (IEEE)},
   author={Qi, Zhongang and Wang, Tianchun and Song, Guojie and Hu, Weisong and Li, Xi and Zhang, Zhongfei},
   year={2018},
   month={Dec},
   pages={2285–2297}
}

 @phdthesis{peng, series={Electronic Theses and Dissertations (ETDs) 2008+}, title={Air quality prediction by machine learning methods}, url={https://open.library.ubc.ca/collections/ubctheses/24/items/1.0166787}, DOI={http://dx.doi.org/10.14288/1.0166787}, school={University of British Columbia}, author={Peng, Huiping}, year={2015}, collection={Electronic Theses and Dissertations (ETDs) 2008+}}
 
 @INPROCEEDINGS{zurich, 
author={D. {Hasenfratz} and O. {Saukh} and C. {Walser} and C. {Hueglin} and M. {Fierz} and L. {Thiele}}, 
booktitle={2014 IEEE International Conference on Pervasive Computing and Communications (PerCom)}, 
title={Pushing the spatio-temporal resolution limit of urban air pollution maps}, 
year={2014}, 
volume={}, 
number={}, 
pages={69-77}, 
keywords={air pollution;data analysis;environmental science computing;regression analysis;sensors;spatio-temporal resolution limit;urban air pollution maps;health protection agencies;air quality;ultrafine particles;UFP;urban environments;spatio-temporal distribution;mobile sensor nodes;Zurich;Switzerland;public transport vehicles;land-use regression models;meta data;root-mean-square error metric;epidemiologists;realtime pollution assessment;Pollution measurement;Atmospheric measurements;Particle measurements;Air pollution;Atmospheric modeling;Spatial resolution}, 
doi={10.1109/PerCom.2014.6813946}, 
ISSN={}, 
month={March},}

@inproceedings{airspeck_family,
  author    = {D. K. Arvind and
               Janek Mann and
               Andrew Bates and
               Konstantin Kotsev},
  title     = {The AirSpeck Family of Static and Mobile Wireless Air Quality Monitors},
  booktitle = {2016 Euromicro Conference on Digital System Design, {DSD} 2016, Limassol,
               Cyprus, August 31 - September 2, 2016},
  pages     = {207--214},
  year      = {2016},
  url       = {https://doi.org/10.1109/DSD.2016.110},
  doi       = {10.1109/DSD.2016.110},
  timestamp = {Fri, 19 May 2017 01:26:44 +0200},
  biburl    = {https://dblp.org/rec/bib/conf/dsd/ArvindMBK16},
  bibsource = {dblp computer science bibliography, https://dblp.org}
}

@inproceedings{clinical_trials,
  author    = {D. K. Arvind and
               C. A. Bates and
               D. J. Fischer and
               Janek Mann},
  title     = {A sensor data collection environment for clinical trials investigating
               health effects of airborne pollution},
  booktitle = {2018 {IEEE} {EMBS} International Conference on Biomedical {\&}
               Health Informatics, {BHI} 2018, Las Vegas, NV, USA, March 4-7, 2018},
  pages     = {88--91},
  year      = {2018},
  url       = {https://doi.org/10.1109/BHI.2018.8333376},
  doi       = {10.1109/BHI.2018.8333376},
  timestamp = {Sat, 21 Apr 2018 10:01:29 +0200},
  biburl    = {https://dblp.org/rec/bib/conf/bhi/ArvindBFM18a},
  bibsource = {dblp computer science bibliography, https://dblp.org}
}

@inproceedings{estimation_dosage ,
  author    = {D. K. Arvind and
               C. A. Bates and
               D. J. Fischer and
               Janek Mann},
  title     = {Spatially-resolved estimation of personal dosage of airborne particulates
               for ambulatory subjects using wearable sensors},
  booktitle = {2018 {IEEE} {EMBS} International Conference on Biomedical {\&}
               Health Informatics, {BHI} 2018, Las Vegas, NV, USA, March 4-7, 2018},
  pages     = {29--32},
  year      = {2018},
  url       = {https://doi.org/10.1109/BHI.2018.8333362},
  doi       = {10.1109/BHI.2018.8333362},
  timestamp = {Fri, 20 Apr 2018 13:11:37 +0200},
  biburl    = {https://dblp.org/rec/bib/conf/bhi/ArvindBFM18},
  bibsource = {dblp computer science bibliography, https://dblp.org}
}

@article{trading,
author = {Dixon, Matthew and G. Polson, Nicholas and Sokolov, Vadim},
year = {2018},
month = {05},
pages = {},
title = {Deep Learning for Spatio-Temporal Modeling: Dynamic Traffic Flows and High Frequency Trading},
journal = {Applied Stochastic Models in Business and Industry},
doi = {10.1002/asmb.2399}
}

@article{applications,
author = {Shalev-Shwartz, Shai},
year = {2007},
month = {08},
pages = {},
title = {Online Learning: Theory, Algorithms, and Applications}
}

@misc{mit_course,
    author = {Alexander Rakhlin},
    title = {6.883: Online Methods in Machine Learning},
    note    = {\url{http://www.mit.edu/~rakhlin/6.883/}
              [Last Accessed: 2019-04-01]}
}

@article{low_cost,
title = "Mapping urban air quality in near real-time using observations from low-cost sensors and model information",
journal = "Environment International",
volume = "106",
pages = "234 - 247",
year = "2017",
issn = "0160-4120",
doi = "https://doi.org/10.1016/j.envint.2017.05.005",
url = "http://www.sciencedirect.com/science/article/pii/S0160412016310741",
author = "Philipp Schneider and Nuria Castell and Matthias Vogt and Franck R. Dauge and William A. Lahoz and Alena Bartonova"
}

@book{signals,
  author    = {{European Environment Agency}}, 
  title     = {Every breath we take: Improving air quality in Europe},
  publisher = {EEA},
  year      = 2013,
  isbn      = {978-92-9213-363-4}
}

@article{lancet,
title = "Estimates and 25-year trends of the global burden of disease attributable to ambient air pollution: an analysis of data from the Global Burden of Diseases Study 2015",
author = "Cohen, {Aaron J.} and Michael Brauer and Richard Burnett and Anderson, {H. Ross} and Joseph Frostad and Kara Estep and Kalpana Balakrishnan and Bert Brunekreef and Lalit Dandona and Rakhi Dandona and Valery Feigin and Greg Freedman and Bryan Hubbell and Amelia Jobling and Haidong Kan and Luke Knibbs and Yang Liu and Randall Martin and Lidia Morawska and Pope, {C. Arden} and Hwashin Shin and Kurt Straif and Gavin Shaddick and Matthew Thomas and {van Dingenen}, Rita and {van Donkelaar}, Aaron and Theo Vos and Murray, {Christopher J.L.} and Forouzanfar, {Mohammad H.}",
year = "2017",
doi = "10.1016/S0140-6736(17)30505-6",
volume = "389",
pages = "1907--1918",
journal = "Lancet",
issn = "0140-6736",
publisher = "Elsevier",
number = "10082",
}

@article{scor,
  title={SCOR Paper: Health impacts of air pollution},
  author={LI, Mark and Léo MALLAT},
  year={2018}
}

@misc{epa,
  author = {{U.S. Environmental Protection Agency}},
  title  = {The Plain English Guide to the Clean Air Act},
  note   = {\url{https://www.epa.gov/clean-air-act-overview/plain-english-guide-clean-air-act}
           [Last Accessed: 2019-04-02]},
  year = 2007,
}

@misc{alphasense,
  author = {{Alphasense Ltd}},
  title  = {{Alphasense User Manual OPC-N2 Optical Particle Counter}},
  note   = {\url{http://stg-uneplive.unep.org/media/aqm_document_v1/Blue%20Print/Components/Microcomputer%20and%20sensors/B.%20Dust%20Sensor%20Specifications/B.1%20Alphasense%20OPC%20N1/072-0300%20OPC-N2%20manual%20issue%203.pdf}
           [Last Accessed: 2019-04-03]},
  year = 2015,
}

